@Book{morin_1992,
	place={New York, NY},
	title={Method: Towards a Study of Humankind},
	volume={1: The Nature of Nature},
	publisher={Peter Lang Pub Inc.},
	address={New York},
	author={Morin, Edgar},
	translator={Belanger, J. L. Roland},
	year={1992},
	month={September},
}
@COMMENT URL to the top book url={https://monoskop.org/images/a/ad/Morin_Edgar_Method_vol_1_The_Nature_of_Nature.pdf}


@book{maturana_varela_1987,
	place={Boston, MA},
	title={The Tree of Knowledge: the Biological Roots of Human Understanding},
	publisher={Shambhala},
	address={Boston},
	year={1987},
	author={Maturana, Humberto R. and Varela, Francisco J.},
}
@COMMENT url={https://www.cybertech-engineering.ch/research/references/Maturana1988/maturana-h-1987-tree-of-knowledge-bkmrk.pdf}


@Inbook{vonFoerster_2003,
	author="von Foerster, Heinz",
	title="Cybernetics of Cybernetics",
	bookTitle="Understanding Understanding: Essays on Cybernetics and Cognition",
	year="2003",
	publisher="Springer New York",
	address="New York, NY",
	pages="283--286",
	isbn="978-0-387-21722-2",
	doi="10.1007/0-387-21722-3_13",
	url="https://doi.org/10.1007/0-387-21722-3_13"
}

@misc{pangaro_web,
	title={Paul Pangaro, PhD},
	url={https://www.pangaro.com/},
	journal={Paul Pangaro, PhD},
	author={Pangaro, Paul}
}




